<record><leader>00000cas a22000007a 4500</leader><controlfield tag="001">17165844</controlfield><controlfield tag="008">871203d19071913ohuwr ne      0    0eng d</controlfield><datafield ind1=" " ind2=" " tag="010"><subfield code="a">sn 87075242 </subfield></datafield><datafield ind1=" " ind2=" " tag="040"><subfield code="a">ONP</subfield><subfield code="b">eng</subfield><subfield code="c">ONP</subfield><subfield code="d">OCLCQ</subfield></datafield><datafield ind1=" " ind2=" " tag="042"><subfield code="a">msc</subfield></datafield><datafield ind1="0" ind2=" " tag="130"><subfield code="a">Monroe courier (Woodsfield, Ohio)</subfield></datafield><datafield ind1="1" ind2="4" tag="245"><subfield code="a">The Monroe courier.</subfield></datafield><datafield ind1=" " ind2=" " tag="260"><subfield code="a">Woodsfield, Monroe County, Ohio :</subfield><subfield code="b">H.O. Goodrich,</subfield><subfield code="c">1907-</subfield></datafield><datafield ind1=" " ind2=" " tag="310"><subfield code="a">Weekly</subfield></datafield><datafield ind1="0" ind2=" " tag="362"><subfield code="a">Vol. 1, no. 47 (Apr. 17, 1907)-</subfield></datafield><datafield ind1="1" ind2=" " tag="362"><subfield code="a">Ceased in 1913?</subfield></datafield><datafield ind1=" " ind2=" " tag="752"><subfield code="a">United States</subfield><subfield code="b">Ohio</subfield><subfield code="c">Monroe</subfield><subfield code="d">Woodsfield.</subfield></datafield><datafield ind1="0" ind2="0" tag="780"><subfield code="t">Courier (Woodsfield, Ohio)</subfield><subfield code="w">(DLC)sn 87075243</subfield></datafield></record>